%%% Skr√≥ty

%%% czasopisma:

@String{j-LECT-NOTES-COMP-SCI   = "Lecture Notes in Computer Science"}

%%% wydawcy:

@String{pub-PH                  = "Pren{\-}tice-Hall"}
@String{pub-PH:adr              = "Englewood Cliffs, NJ 07632, USA"}


%%% Bibliografia:

@Book{Goldfarb:2002:CFG,
  author =       "Charles F. Goldfarb and Paul Prescod",
  title =        "{Charles F. Goldfarb}'s {XML} handbook",
  publisher =    pub-PH,
  address =      pub-PH:adr,
  edition =      "Fourth",
  pages =        "lvii + 1147",
  year =         "2002",
  ISBN =         "0-13-065198-2",
  ISBN-13 =      "978-0-13-065198-3",
  LCCN =         "QA76.76.H94 G65 2002",
  bibdate =      "Fri Sep 13 06:33:58 MDT 2002",
  series =       "Charles F. Goldfarb definitive XML series",
  keywords =     "XML (document markup language)",
}

@Article{Eisenberg:2002:SXM,
  author =       "Andrew Eisenberg and Jim Melton",
  title =        "{SQL\slash XML} is making good progress",
  journal =      "SIGMOD",
  volume =       "31",
  number =       "2",
  pages =        "101--108",
  month =        jun,
  year =         "2002",
  bibdate =      "Mon Jan 12 07:43:34 MST 2004",
  bibsource =    "http://portal.acm.org/",
}
