%%% Acknowledgement abbreviations:

@String{ack-nhfb = "Nelson H. F. Beebe,
                    University of Utah,
                    Department of Mathematics, 110 LCB,
                    155 S 1400 E RM 233,
                    Salt Lake City, UT 84112-0090, USA,
                    Tel: +1 801 581 5254,
                    FAX: +1 801 581 4148,
                    e-mail: \path|beebe@math.utah.edu|,
                            \path|beebe@acm.org|,
                            \path|beebe@computer.org| (Internet),
                    URL: \path|http://www.math.utah.edu/~beebe/|"}

%%% Journal abbreviations:

@String{j-LECT-NOTES-COMP-SCI   = "Lecture Notes in Computer Science"}

%%% Publishers and their addresses:

@String{pub-PH                  = "Pren{\-}tice-Hall"}
@String{pub-PH:adr              = "Englewood Cliffs, NJ 07632, USA"}


%%% Bibliography entries

@Online{stackoverflow:survey2017,
  author =       "Stack Overflow",
  title =        "Developer Survey 2017",
  howpublished = "\url{https://stackoverflow.com/insights/survey/2017}",
  note =         "[dostęp 1.05.2017]"
}

@Online{tedx:music-at-work,
  author =       "Will Henshall at TEDxBrussels",
  title =        "Why you're listening to the wrong music at work",
  howpublished = "\url{https://www.youtube.com/watch?v=BBCjijl105I}",
  note =         "[dostęp 9.05.2017]"
}

@Online{website:focus@will,
  author =       "Wikipedia",
  title =        "Focus@Will",
  howpublished = "\url{https://en.wikipedia.org/wiki/Focus@Will}",
  note =         "[dostęp 9.05.2017]"
}

@Online{lastfm:trackmymusic,
  author =       "Last.fm",
  title =        "How to track my music?",
  howpublished = "\url{https://www.last.fm/about/trackmymusic}",
  note =         "[dostęp 1.05.2017]"
}

@Online{lastfm:mbid,
  author =       "MuiscBrainz",
  title =        "Documentation: MusicBrainz Identifier",
  howpublished = "\url{https://musicbrainz.org/doc/MusicBrainz_Identifier}",
  note =         "[dostęp 1.05.2017]"
}

@Online{lastfm:apidoc,
  author =       "Last.fm",
  title =        "API documentation",
  howpublished = "\url{http://www.last.fm/api}",
  note =         "[dostęp 1.05.2017]"
}

@Online{lastfm:java-bindings,
  author =       "Johann Kovacs",
  title =        "Last.fm API Bindings for Java",
  howpublished = "\url{https://github.com/jkovacs/lastfm-java}",
  note =         "[dostęp 10.05.2017]"
}

@Online{rescuetime:apidoc-precision,
  author =       "RescueTime",
  title =        "API documentation",
  howpublished = "\url{https://www.rescuetime.com/apidoc#analytic-api-reference}",
  note =         "[dostęp 3.05.2017]"
}

@online{rescuetime:apidoc-keymanagment,
	author = {RescueTime},
	title = {API key managment},
    howpublished = "\url{https://www.rescuetime.com/anapi/manage}",
    note =         "[dostęp 3.05.2017]"
}
@online{rescuetime:help-browser-time,
	author = {RescueTime Support},
	title = {I'm seeing lots of time for web browsers and no time for individual web sites. How can I fix this?},
    howpublished = "\url{http://help.rescuetime.com/kb/rescuetime-website/im-seeing-lots-of-time-for-web-browsers-like-firefox-internet-explorer-and-safari-and-no-time-for-individual-web-sites-how-can-i-fix-this}",
    note =         "[dostęp 10.05.2017]"
}

@Online{postgresql:efficient-indexes,
  author =       "Heroku",
  title =        "Efficient Use of PostgreSQL Indexes",
  howpublished = "\url{https://devcenter.heroku.com/articles/postgresql-indexes}",
  note =         "[dostęp 8.05.2017]"
}

@Online{charts:excel-comparsion,
  author =       "Himanshu Sharma",
  title =        "Best Excel Charts Types for Data Analysis, Presentation and Reporting",
  howpublished = "\url{https://www.optimizesmart.com/how-to-select-best-excel-charts-for-your-data-analysis-reporting/#a6}",
  note =         "[dostęp 15.05.2017]"
}